@misc{redox,
    author = "{Wikipedia}",
    title = "Redoxreaktion",
    day = "15",
    month = "Juni",
    year = "2017",
    howpublished = {https://de.wikipedia.org/wiki/Redoxreaktion},
    note = {Zuletzt besucht: 30.06.2017}}

@misc{MBZ,
    author = "{Wikipedia}",
    title = "{Mikrobielle Brennstoffzelle}",
    day = "25",
    month = "November",
    year = "2016",
    howpublished = {\url{https://de.wikipedia.org/wiki/Mikrobielle\_Brennstoffzelle}},
    note = {Zuletzt besucht: 30.06.2017}}

@inproceedings{DBLP:conf/iros/PhilamoreRSI15,
  author    = {Hemma Philamore and
               Jonathan Rossiter and
               Andrew Stinchcombe and
               Ioannis Ieropoulos},
  title     = {Row-bot: An energetically autonomous artificial water boatman},
  booktitle = {2015 {IEEE/RSJ} International Conference on Intelligent Robots and
               Systems, {IROS} 2015, Hamburg, Germany, September 28 - October 2,
               2015},
  pages     = {3888--3893},
  year      = {2015},
  crossref  = {DBLP:conf/iros/2015},
  url       = {https://doi.org/10.1109/IROS.2015.7353924},
  doi       = {10.1109/IROS.2015.7353924},
  timestamp = {Mon, 22 May 2017 17:11:25 +0200},
  biburl    = {http://dblp.uni-trier.de/rec/bib/conf/iros/PhilamoreRSI15},
  bibsource = {dblp computer science bibliography, http://dblp.org}
}

@proceedings{DBLP:conf/iros/2015,
  title     = {2015 {IEEE/RSJ} International Conference on Intelligent Robots and
               Systems, {IROS} 2015, Hamburg, Germany, September 28 - October 2,
               2015},
  publisher = {{IEEE}},
  year      = {2015},
  url       = {http://ieeexplore.ieee.org/xpl/mostRecentIssue.jsp?punumber=7347169},
  isbn      = {978-1-4799-9994-1},
  timestamp = {Mon, 04 Jan 2016 12:12:56 +0100},
  biburl    = {http://dblp.uni-trier.de/rec/bib/conf/iros/2015},
  bibsource = {dblp computer science bibliography, http://dblp.org}
}

@misc{ted,
    author = "{Jonathan Rossiter}",
    title = "{A robot that eats pollution}",
    month = "MÃ¤rz",
    year = "2016",
    howpublished = {\url{https://www.ted.com/talks/jonathan\_rossiter\_a\_robot\_that\_eats\_pollution}},
    note = {Zuletzt besucht: 03.07.2017}
 }

@misc{ruderwanze,
    author = "{Wikipedia}",
    title = "{Ruderwanze}",
    day = "9",
    month = "Dezember",
    year = "2016",
    howpublished = {\url{https://de.wikipedia.org/wiki/Ruderwanzen}},
    note = {Zuletzt besucht: 02.07.2017}
 }

@inbook{book:ross,
title = "Here today, gone tomorrow: biodegradable soft robots",
keywords = "biodegradable robotics, biodegradable electroactive polymers, soft robotics, bio-remediation",
author = "Jonathan Rossiter and Jonathan Winfield and Ioannis Ieropoulos",
year = "2016",
month = "4",
doi = "10.1117/12.2220611",
series = "Proceedings of SPIE",
publisher = "SPIE, Bellingham",
booktitle = "Electroactive Polymer Actuators and Devices (EAPAD) 2016",

}
